%% This BibTeX bibliography file was created using BibDesk.
%% https://bibdesk.sourceforge.io/

%% Created for Jorid Topi at 2021-05-01 15:44:26 -0400 


%% Saved with string encoding Unicode (UTF-8) 



@manual{C2,
	Address = {Beltsville, Maryland},
	Author = {Bowman SA, Clemens JC, Shimizu M, Friday JE, and Moshfegh AJ},
	Date-Modified = {2021-05-01 19:44:13 +0000},
	Month = {September},
	Organization = {Food Surveys Research Group, Beltsville Human Nutrition Research Center, Agricultural Research Service, U.S. Department of Agriculture},
	Title = {Food Patterns Equivalents Database 2015-2016: Methodology and User Guide [Online]},
	Year = {2018}}
